
@book{Ericson,
	author = {Christer Ericson},
	title = {Real-time collision detection},
  	OPTpages = {133-134}
    }